<record><leader>00000cas a22000007a 4500</leader><controlfield tag="001">12130349</controlfield><controlfield tag="008">850607d19371944pauwr ne      0    0eng d</controlfield><datafield ind1=" " ind2=" " tag="010"><subfield code="a">sn 85054631 </subfield></datafield><datafield ind1=" " ind2=" " tag="040"><subfield code="a">NPH</subfield><subfield code="b">eng</subfield><subfield code="c">NPH</subfield><subfield code="d">OCLCQ</subfield><subfield code="d">DLC</subfield></datafield><datafield ind1=" " ind2=" " tag="042"><subfield code="a">msc</subfield></datafield><datafield ind1="0" ind2="0" tag="245"><subfield code="a">Clearfield times.</subfield></datafield><datafield ind1=" " ind2=" " tag="260"><subfield code="a">Clearfield, Pa. :</subfield><subfield code="b">Clearfield Pub. Co.,</subfield><subfield code="c">1937-1944.</subfield></datafield><datafield ind1=" " ind2=" " tag="300"><subfield code="a">7 v.</subfield></datafield><datafield ind1=" " ind2=" " tag="310"><subfield code="a">Weekly</subfield></datafield><datafield ind1="0" ind2=" " tag="362"><subfield code="a">Vol. 110, no. 2 (June 8, 1937) - v. 117, no. 13 (Mar. 31, 1944).</subfield></datafield><datafield ind1=" " ind2=" " tag="752"><subfield code="a">United States</subfield><subfield code="b">Pennsylvania</subfield><subfield code="c">Clearfield</subfield><subfield code="d">Clearfield.</subfield></datafield><datafield ind1="0" ind2="0" tag="780"><subfield code="t">Clearfield republican</subfield><subfield code="x">2330-8400</subfield><subfield code="w">(DLC)sn 83032199</subfield><subfield code="w">(OCoLC)10209066</subfield></datafield></record>